



@article{Cui21,
author = {Erjia Cui, Ciprian M. Crainiceanu and Andrew Leroux},
title = {Additive Functional Cox Model},
journal = {Journal of Computational and Graphical Statistics},
volume = {30},
number = {3},
pages = {780-793},
year = {2021},
publisher = {Taylor \& Francis},
doi = {10.1080/10618600.2020.1853550},
pmid = 34898969,
}








@article{Gellar15,
author = {Jonathan E. Gellar and Elizabeth Colantuoni and Dale M. Needham and Ciprian M. Crainiceanu},
title ={Cox regression models with functional covariates for survival data},
journal = {Statistical Modelling},
volume = {15},
number = {3},
pages = {256-278},
year = {2015},
doi = {10.1177/1471082X14565526},
pmid = 26441487,
}




@article{McLean14,
author = {Mathew W. McLean, Giles Hooker, Ana-Maria Staicu, Fabian Scheipl and David Ruppert},
title = {Functional Generalized Additive Models},
journal = {Journal of Computational and Graphical Statistics},
volume = {23},
number = {1},
pages = {249--269},
year = {2014},
publisher = {Taylor \& Francis},
doi = {10.1080/10618600.2012.729985},
pmid = 24729671,
}





@article{Peck11,
author = {Peck, Amy R. and Witkiewicz, Agnieszka K. and Liu, Chengbao and Stringer, Ginger A. and Klimowicz, Alexander C. and Pequignot, Edward and Freydin, Boris and Tran, Thai H. and Yang, Ning and Rosenberg, Anne L. and Hooke, Jeffrey A. and Kovatich, Albert J. and Nevalainen, Marja T. and Shriver, Craig D. and Hyslop, Terry and Sauter, Guido and Rimm, David L. and Magliocco, Anthony M. and Rui, Hallgeir},
title = {Loss of Nuclear Localized and Tyrosine Phosphorylated Stat5 in Breast Cancer Predicts Poor Clinical Outcome and Increased Risk of Antiestrogen Therapy Failure},
journal = {Journal of Clinical Oncology},
volume = {29},
number = {18},
pages = {2448-2458},
year = {2011},
doi = {10.1200/JCO.2010.30.3552},
pmid ={21576635},
}


@article{James02,
    author = {James, Gareth M.},
    title = {Generalized Linear Models with Functional Predictors},
    journal = {Journal of the Royal Statistical Society Series B: Statistical Methodology},
    volume = {64},
    number = {3},
    pages = {411-432},
    year = {2002},
    month = {08},
    issn = {1369-7412},
    doi = {10.1111/1467-9868.00342},
}


@article{Yi23a,
title = {Quantile Index Biomarkers Based on Single-Cell Expression Data},
journal = {Laboratory Investigation},
volume = {103},
number = {8},
pages = {100158},
year = {2023},
issn = {0023-6837},
doi = {https://doi.org/10.1016/j.labinv.2023.100158},
author = {Misung Yi and Tingting Zhan and Amy R. Peck and Jeffrey A. Hooke and Albert J. Kovatich and Craig D. Shriver and Hai Hu and Yunguang Sun and Hallgeir Rui and Inna Chervoneva},
}


